%% This BibTeX bibliography file was created using BibDesk.
%% http://bibdesk.sourceforge.net/


%% Created for Edward Roualdes at 2014-04-26 18:03:16 -0400 


%% Saved with string encoding Unicode (UTF-8) 



@article{Strauss:1979,
	Author = {Strauss, Richard E},
	Date-Added = {2014-04-26 22:03:06 +0000},
	Date-Modified = {2014-04-26 22:03:15 +0000},
	Journal = {Transactions of the American Fisheries Society},
	Number = {4},
	Pages = {344--352},
	Publisher = {Taylor \& Francis},
	Title = {Reliability estimates for Ivlev's electivity index, the forage ratio, and a proposed linear index of food selection},
	Volume = {108},
	Year = {1979}}
