%% This BibTeX bibliography file was created using BibDesk.
%% http://bibdesk.sourceforge.net/


%% Created for Edward Roualdes at 2014-10-08 15:53:31 -0400 


%% Saved with string encoding Unicode (UTF-8) 



@article{Dempster:1977,
	Author = {Dempster, Arthur P and Laird, Nan M and Rubin, Donald B},
	Date-Added = {2014-10-08 19:53:27 +0000},
	Date-Modified = {2014-10-08 19:53:30 +0000},
	Journal = {Journal of the Royal Statistical Society. Series B (Methodological)},
	Pages = {1--38},
	Publisher = {JSTOR},
	Title = {Maximum likelihood from incomplete data via the EM algorithm},
	Year = {1977}}

@book{McLachlan:2007,
	Author = {McLachlan, Geoffrey and Krishnan, Thriyambakam},
	Date-Added = {2014-10-08 19:52:55 +0000},
	Date-Modified = {2014-10-08 19:52:59 +0000},
	Publisher = {John Wiley \& Sons},
	Title = {The EM algorithm and extensions},
	Volume = {382},
	Year = {2007}}

@article{Wilks:1938,
	Author = {Wilks, Samuel S},
	Date-Added = {2014-10-07 18:53:50 +0000},
	Date-Modified = {2014-10-08 19:52:59 +0000},
	Journal = {The Annals of Mathematical Statistics},
	Keywords = {likelihood ratio test},
	Number = {1},
	Pages = {60--62},
	Publisher = {JSTOR},
	Title = {The large-sample distribution of the likelihood ratio for testing composite hypotheses},
	Volume = {9},
	Year = {1938},
	Bdsk-File-1 = {YnBsaXN0MDDUAQIDBAUGJCVYJHZlcnNpb25YJG9iamVjdHNZJGFyY2hpdmVyVCR0b3ASAAGGoKgHCBMUFRYaIVUkbnVsbNMJCgsMDxJXTlMua2V5c1pOUy5vYmplY3RzViRjbGFzc6INDoACgAOiEBGABIAFgAdccmVsYXRpdmVQYXRoWWFsaWFzRGF0YV8QNC4uLy4uL2RyaXZlL2RhdGFiYXNlL3dpbGtzLmxpa2VsaWhvb2RfcmF0aW9fdGVzdC5wZGbSFwsYGVdOUy5kYXRhTxEBvgAAAAABvgACAAAGTWFjIEhEAAAAAAAAAAAAAAAAAAAAAAAAAAAAzWI3qkgrAAAABQ+8H3dpbGtzLmxpa2VsaWhvb2RfcmF0aW9fdGVzdC5wZGYAAAAAAAAAAAAAAAAAAAAAAAAAAAAAAAAAAAAAAAAAAAEbGbHQWa6/AAAAAAAAAAAAAgADAAAJIAAAAAAAAAAAAAAAAAAAAAhkYXRhYmFzZQAQAAgAAM1ib+oAAAARAAgAANBZ5v8AAAABABAABQ+8ALtrNAAFAyAAAhA2AAIARk1hYyBIRDpVc2VyczoAZWFzeS1lOgBkcml2ZToAZGF0YWJhc2U6AHdpbGtzLmxpa2VsaWhvb2RfcmF0aW9fdGVzdC5wZGYADgBAAB8AdwBpAGwAawBzAC4AbABpAGsAZQBsAGkAaABvAG8AZABfAHIAYQB0AGkAbwBfAHQAZQBzAHQALgBwAGQAZgAPAA4ABgBNAGEAYwAgAEgARAASADtVc2Vycy9lYXN5LWUvZHJpdmUvZGF0YWJhc2Uvd2lsa3MubGlrZWxpaG9vZF9yYXRpb190ZXN0LnBkZgAAEwABLwAAFQACAA3//wAAgAbSGxwdHlokY2xhc3NuYW1lWCRjbGFzc2VzXU5TTXV0YWJsZURhdGGjHR8gVk5TRGF0YVhOU09iamVjdNIbHCIjXE5TRGljdGlvbmFyeaIiIF8QD05TS2V5ZWRBcmNoaXZlctEmJ1Ryb290gAEACAARABoAIwAtADIANwBAAEYATQBVAGAAZwBqAGwAbgBxAHMAdQB3AIQAjgDFAMoA0gKUApYCmwKmAq8CvQLBAsgC0QLWAuMC5gL4AvsDAAAAAAAAAAIBAAAAAAAAACgAAAAAAAAAAAAAAAAAAAMC}}

@article{Luo:1992,
	Author = {Luo, Zhi-Quan and Tseng, Paul},
	Date-Added = {2014-10-07 18:42:17 +0000},
	Date-Modified = {2014-10-08 19:52:59 +0000},
	Journal = {Journal of Optimization Theory and Applications},
	Keywords = {optimization, coordinate, descent},
	Number = {1},
	Pages = {7--35},
	Publisher = {Springer},
	Title = {On the convergence of the coordinate descent method for convex differentiable minimization},
	Volume = {72},
	Year = {1992},
	Bdsk-File-1 = {YnBsaXN0MDDUAQIDBAUGJCVYJHZlcnNpb25YJG9iamVjdHNZJGFyY2hpdmVyVCR0b3ASAAGGoKgHCBMUFRYaIVUkbnVsbNMJCgsMDxJXTlMua2V5c1pOUy5vYmplY3RzViRjbGFzc6INDoACgAOiEBGABIAFgAdccmVsYXRpdmVQYXRoWWFsaWFzRGF0YV8QMS4uLy4uL2RyaXZlL2RhdGFiYXNlL3RzZW5nLmNvb3JkaW5hdGVfZGVzY2VudC5wZGbSFwsYGVdOUy5kYXRhTxEBsgAAAAABsgACAAAGTWFjIEhEAAAAAAAAAAAAAAAAAAAAAAAAAAAAzWI3qkgrAAAABQ+8HHRzZW5nLmNvb3JkaW5hdGVfZGVzY2VudC5wZGYAAAAAAAAAAAAAAAAAAAAAAAAAAAAAAAAAAAAAAAAAAAAAAAEbFIzQWau3AAAAAAAAAAAAAgADAAAJIAAAAAAAAAAAAAAAAAAAAAhkYXRhYmFzZQAQAAgAAM1ib+oAAAARAAgAANBZ4/cAAAABABAABQ+8ALtrNAAFAyAAAhA2AAIAQ01hYyBIRDpVc2VyczoAZWFzeS1lOgBkcml2ZToAZGF0YWJhc2U6AHRzZW5nLmNvb3JkaW5hdGVfZGVzY2VudC5wZGYAAA4AOgAcAHQAcwBlAG4AZwAuAGMAbwBvAHIAZABpAG4AYQB0AGUAXwBkAGUAcwBjAGUAbgB0AC4AcABkAGYADwAOAAYATQBhAGMAIABIAEQAEgA4VXNlcnMvZWFzeS1lL2RyaXZlL2RhdGFiYXNlL3RzZW5nLmNvb3JkaW5hdGVfZGVzY2VudC5wZGYAEwABLwAAFQACAA3//wAAgAbSGxwdHlokY2xhc3NuYW1lWCRjbGFzc2VzXU5TTXV0YWJsZURhdGGjHR8gVk5TRGF0YVhOU09iamVjdNIbHCIjXE5TRGljdGlvbmFyeaIiIF8QD05TS2V5ZWRBcmNoaXZlctEmJ1Ryb290gAEACAARABoAIwAtADIANwBAAEYATQBVAGAAZwBqAGwAbgBxAHMAdQB3AIQAjgDCAMcAzwKFAocCjAKXAqACrgKyArkCwgLHAtQC1wLpAuwC8QAAAAAAAAIBAAAAAAAAACgAAAAAAAAAAAAAAAAAAALz},
	Bdsk-File-2 = {YnBsaXN0MDDUAQIDBAUGJCVYJHZlcnNpb25YJG9iamVjdHNZJGFyY2hpdmVyVCR0b3ASAAGGoKgHCBMUFRYaIVUkbnVsbNMJCgsMDxJXTlMua2V5c1pOUy5vYmplY3RzViRjbGFzc6INDoACgAOiEBGABIAFgAdccmVsYXRpdmVQYXRoWWFsaWFzRGF0YV8QOC4uLy4uL2RyaXZlL2RhdGFiYXNlL3RzZW5nLmNvb3JkaW5hdGVfYXNjZW50X2NvbmNhdmUucGRm0hcLGBlXTlMuZGF0YU8RAcoAAAAAAcoAAgAABk1hYyBIRAAAAAAAAAAAAAAAAAAAAAAAAAAAAM1iN6pIKwAAAAUPvB90c2VuZy5jb29yZGluYXRlX2FzYyM0NUUyMjAucGRmAAAAAAAAAAAAAAAAAAAAAAAAAAAAAAAAAAAAAAAAAAAAReIgzisC+wAAAAAAAAAAAAIAAwAACSAAAAAAAAAAAAAAAAAAAAAIZGF0YWJhc2UAEAAIAADNYm/qAAAAEQAIAADOKzs7AAAAAQAQAAUPvAC7azQABQMgAAIQNgACAEZNYWMgSEQ6VXNlcnM6AGVhc3ktZToAZHJpdmU6AGRhdGFiYXNlOgB0c2VuZy5jb29yZGluYXRlX2FzYyM0NUUyMjAucGRmAA4ASAAjAHQAcwBlAG4AZwAuAGMAbwBvAHIAZABpAG4AYQB0AGUAXwBhAHMAYwBlAG4AdABfAGMAbwBuAGMAYQB2AGUALgBwAGQAZgAPAA4ABgBNAGEAYwAgAEgARAASAD9Vc2Vycy9lYXN5LWUvZHJpdmUvZGF0YWJhc2UvdHNlbmcuY29vcmRpbmF0ZV9hc2NlbnRfY29uY2F2ZS5wZGYAABMAAS8AABUAAgAN//8AAIAG0hscHR5aJGNsYXNzbmFtZVgkY2xhc3Nlc11OU011dGFibGVEYXRhox0fIFZOU0RhdGFYTlNPYmplY3TSGxwiI1xOU0RpY3Rpb25hcnmiIiBfEA9OU0tleWVkQXJjaGl2ZXLRJidUcm9vdIABAAgAEQAaACMALQAyADcAQABGAE0AVQBgAGcAagBsAG4AcQBzAHUAdwCEAI4AyQDOANYCpAKmAqsCtgK/As0C0QLYAuEC5gLzAvYDCAMLAxAAAAAAAAACAQAAAAAAAAAoAAAAAAAAAAAAAAAAAAADEg==}}

@manual{Core-Team:2014,
	Address = {Vienna, Austria},
	Author = {R {Core Team}},
	Date-Added = {2014-09-28 00:08:46 +0000},
	Date-Modified = {2014-10-08 19:52:59 +0000},
	Organization = {R Foundation for Statistical Computing},
	Publisher = {R Foundation for Statistical Computing, Vienna, Austria. ISBN},
	Title = {R: A language and environment for statistical computing},
	Url = {http://www.R-project.org/},
	Year = {2014},
	Bdsk-Url-1 = {http://www.R-project.org/}}

@article{Strauss:1979,
	Author = {Strauss, Richard E},
	Date-Added = {2014-04-26 22:03:06 +0000},
	Date-Modified = {2014-10-08 19:52:59 +0000},
	Journal = {Transactions of the American Fisheries Society},
	Number = {4},
	Pages = {344--352},
	Publisher = {Taylor \& Francis},
	Title = {Reliability estimates for Ivlev's electivity index, the forage ratio, and a proposed linear index of food selection},
	Volume = {108},
	Year = {1979},
	Bdsk-File-1 = {YnBsaXN0MDDUAQIDBAUGJCVYJHZlcnNpb25YJG9iamVjdHNZJGFyY2hpdmVyVCR0b3ASAAGGoKgHCBMUFRYaIVUkbnVsbNMJCgsMDxJXTlMua2V5c1pOUy5vYmplY3RzViRjbGFzc6INDoACgAOiEBGABIAFgAdccmVsYXRpdmVQYXRoWWFsaWFzRGF0YV8QLC4uLy4uL2RyaXZlL2RhdGFiYXNlL3N0cmF1c3MucHJlZF9wcmVmX0wucGRm0hcLGBlXTlMuZGF0YU8RAZ4AAAAAAZ4AAgAABk1hYyBIRAAAAAAAAAAAAAAAAAAAAAAAAAAAAM1iN6pIKwAAAAUPvBdzdHJhdXNzLnByZWRfcHJlZl9MLnBkZgAAAAAAAAAAAAAAAAAAAAAAAAAAAAAAAAAAAAAAAAAAAAAAAAAAAAAA/3sW0A+t4wAAAAAAAAAAAAIAAwAACSAAAAAAAAAAAAAAAAAAAAAIZGF0YWJhc2UAEAAIAADNYm/qAAAAEQAIAADQD+YjAAAAAQAQAAUPvAC7azQABQMgAAIQNgACAD5NYWMgSEQ6VXNlcnM6AGVhc3ktZToAZHJpdmU6AGRhdGFiYXNlOgBzdHJhdXNzLnByZWRfcHJlZl9MLnBkZgAOADAAFwBzAHQAcgBhAHUAcwBzAC4AcAByAGUAZABfAHAAcgBlAGYAXwBMAC4AcABkAGYADwAOAAYATQBhAGMAIABIAEQAEgAzVXNlcnMvZWFzeS1lL2RyaXZlL2RhdGFiYXNlL3N0cmF1c3MucHJlZF9wcmVmX0wucGRmAAATAAEvAAAVAAIADf//AACABtIbHB0eWiRjbGFzc25hbWVYJGNsYXNzZXNdTlNNdXRhYmxlRGF0YaMdHyBWTlNEYXRhWE5TT2JqZWN00hscIiNcTlNEaWN0aW9uYXJ5oiIgXxAPTlNLZXllZEFyY2hpdmVy0SYnVHJvb3SAAQAIABEAGgAjAC0AMgA3AEAARgBNAFUAYABnAGoAbABuAHEAcwB1AHcAhACOAL0AwgDKAmwCbgJzAn4ChwKVApkCoAKpAq4CuwK+AtAC0wLYAAAAAAAAAgEAAAAAAAAAKAAAAAAAAAAAAAAAAAAAAto=}}
